<?xml version="1.0" encoding="UTF-8"?><collection xmlns="http://www.loc.gov/MARC21/slim"><record><leader>00387nam--2200133-i-4500</leader><controlfield tag="001">000014866</controlfield><controlfield tag="002">20161230</controlfield><controlfield tag="005">20161230201031</controlfield><controlfield tag="008">060222s1000------------r-----000-0-eng-d</controlfield><datafield ind1=" " ind2=" " tag="080"><subfield code="a">621.375.826</subfield></datafield><datafield ind1=" " ind2=" " tag="100"><subfield code="a">Chang,William S.C</subfield></datafield><datafield ind1=" " ind2=" " tag="245"><subfield code="a">Principles of quantum electronics.lasers:theor y and applications</subfield></datafield><datafield ind1=" " ind2=" " tag="260"><subfield code="a">Reading/Mass.,Addison-wesley Publ.Co.,1969. Xii + 540 P</subfield></datafield><datafield ind1=" " ind2=" " tag="852"><subfield code="a">30369</subfield></datafield></record></collection>